101 07100050512-34567892102131655A094101Standard Federal Bank  My Personal Bank Money         
5220HelloCompany Incz                   22-7894562PPDSales Team210219210221   1111000020000001
627670148222000154878        0000450075095416540000001Michelle Bailey         0072413820000001
6322100002111454548701       0001725000095416540000002Richard Davidson        0072413820000002
82200000020006260002000000000000000002175075231380104                          231380100000001
5200AgainCompany Inc                    33-1594873WEBClientServ210217210219   1051000010000002
6271140153330098448484       0000750025014631640016547Stephanie Paterson      0072413820000003
63291000019800454327774      0001000000014632750094664Edward Jones            0072413820000004
622322271622887889845        0000470000014633860033451Rebecca McLean          0072413820000005
82000000020006260002000000000000000002220025231380104                          231380100000001
9000002000003000000050006260002000000000000000004395100                                       